<?xml version="1.0" encoding="UTF-8" ?>
<collection xmlns:xsi="http://www.w3.org/2001/XMLSchema-instance"
    xsi:schemaLocation="http://www.loc.gov/MARC21/slim
        http://www.loc.gov/standards/marcxml/schema/MARC21slim.xsd"
    xmlns="http://www.loc.gov/MARC21/slim">
<record>
  <leader>00292cam a2200577 i 4500</leader>
  <controlfield tag="001">b12759181</controlfield>
  <controlfield tag="003">LeBAU</controlfield>
  <controlfield tag="005">20170719</controlfield>
  <controlfield tag="008">971105s1941    mr abc        ||1 0 ara d</controlfield>
  <datafield tag="035" ind1=" " ind2=" ">
    <subfield code="a">ocn784504854</subfield>
  </datafield>
  <datafield tag="040" ind1=" " ind2=" ">
    <subfield code="a">LEAUB</subfield>
    <subfield code="b">ara</subfield>
    <subfield code="e">rda</subfield>
    <subfield code="c">LEAUB</subfield>
    <subfield code="d">LEAUB</subfield>
  </datafield>
  <datafield tag="041" ind1="1" ind2=" ">
    <subfield code="a">ara</subfield>
    <subfield code="b">spa</subfield>
  </datafield>
  <datafield tag="082" ind1="0" ind2="4">
    <subfield code="a">914.6</subfield>
    <subfield code="2">20</subfield>
  </datafield>
  <datafield tag="100" ind1="1" ind2=" ">
    <subfield code="6">880-01</subfield>
    <subfield code="a">Ghazzāl, Aḥmad ibn al-Mahdī,</subfield>
    <subfield code="d">-1777 or 1778,</subfield>
    <subfield code="e">author.</subfield>
  </datafield>
  <datafield tag="245" ind1="1" ind2="0">
    <subfield code="6">880-02</subfield>
    <subfield code="a">Kitāb Natijat al-ijtihad fi al-muhadanah wa-al-jihad /</subfield>
    <subfield code="c">ta’līf al-Kātib al-Adīb Aḥmad ibn al-Mahdī al-Ghazzāl, kātib asrār Mawlāy Muḥammad ibn ‘Abd Allāh sulṭān al-Maghrib wa-safīruhu ilā Kārluṣ al-Thālith malik Isbāniyā ‘ām 1179 - 1180 H. 1766-1767 M. ; istakhlaṣahu min makhṭūṭāt ʻiddah wa-ʻallaqa ḥawāshīhi wa-waḍa‘a la-hu al-Jadāwil wa-al-fahāris wa-al-tarājim al-Ustādh Alfrīd al-Bustānī.</subfield>
  </datafield>
  <datafield tag="246" ind1="1" ind2="5">
    <subfield code="a">Natijat al-ijtihad fi al-muhadanah wa-al-jihad</subfield>
  </datafield>
  <datafield tag="246" ind1="3" ind2="0">
    <subfield code="6">880-03</subfield>
    <subfield code="a">نتيجة الإجتهاد في المهادنة والجهاد</subfield>
  </datafield>
  <datafield tag="264" ind1=" " ind2="1">
    <subfield code="6">880-04</subfield>
    <subfield code="a">al-‘Arā’ish, al-Maghrib :</subfield>
    <subfield code="b">Mu’assasat al-Jinirāl Frankū lil-Abḥāth al-‘Arabīyah-al-Isbānīyah,</subfield>
    <subfield code="c">1941.</subfield>
  </datafield>
  <datafield tag="300" ind1=" " ind2=" ">
    <subfield code="6">880-05</subfield>
    <subfield code="a">102 pages, 29 unnumbered leaves of plates :</subfield>
    <subfield code="b">illustrations (some folded), folded map, portraits ;</subfield>
    <subfield code="c">21 cm</subfield>
  </datafield>
  <datafield tag="336" ind1=" " ind2=" ">
    <subfield code="a">text</subfield>
    <subfield code="b">txt</subfield>
    <subfield code="2">rdacontent</subfield>
  </datafield>
  <datafield tag="336" ind1=" " ind2=" ">
    <subfield code="a">still image</subfield>
    <subfield code="b">sti</subfield>
    <subfield code="2">rdacontent</subfield>
  </datafield>
  <datafield tag="337" ind1=" " ind2=" ">
    <subfield code="a">unmediated</subfield>
    <subfield code="b">n</subfield>
    <subfield code="2">rdamedia</subfield>
  </datafield>
  <datafield tag="338" ind1=" " ind2=" ">
    <subfield code="a">volume</subfield>
    <subfield code="b">nc</subfield>
    <subfield code="2">rdacarrier</subfield>
  </datafield>
  <datafield tag="546" ind1=" " ind2=" ">
    <subfield code="a">النص بالعربية؛ مع مقدمة بالإسبانية.</subfield>
  </datafield>
  <datafield tag="600" ind1="0" ind2="4">
    <subfield code="a">محمد بن عبد الله،</subfield>
    <subfield code="c">سلطان المغرب،</subfield>
    <subfield code="d">-1790.</subfield>
  </datafield>
  <datafield tag="600" ind1="0" ind2="4">
    <subfield code="a">شارل</subfield>
    <subfield code="b">الثالث،</subfield>
    <subfield code="c">ملك إسبانيا،</subfield>
    <subfield code="d">1716-1788.</subfield>
  </datafield>
  <datafield tag="600" ind1="0" ind2="0">
    <subfield code="a">Muḥammad ibn ʻAbd Allāh,</subfield>
    <subfield code="c">Sultan of Morocco,</subfield>
    <subfield code="d">-1790</subfield>
  </datafield>
  <datafield tag="600" ind1="0" ind2="0">
    <subfield code="a">Charles</subfield>
    <subfield code="b">III,</subfield>
    <subfield code="c">King of Spain,</subfield>
    <subfield code="d">1716-1788.</subfield>
  </datafield>
  <datafield tag="651" ind1=" " ind2="4">
    <subfield code="a">اسبانيا</subfield>
    <subfield code="x">العلاقات الخارجية</subfield>
    <subfield code="z">المغرب.</subfield>
  </datafield>
  <datafield tag="651" ind1=" " ind2="4">
    <subfield code="a">المغرب</subfield>
    <subfield code="x">العلاقات الخارجية</subfield>
    <subfield code="z">اسبانيا.</subfield>
  </datafield>
  <datafield tag="651" ind1=" " ind2="4">
    <subfield code="a">اسبانيا</subfield>
    <subfield code="x">وصف ورحلات.</subfield>
  </datafield>
  <datafield tag="651" ind1=" " ind2="4">
    <subfield code="a">اسبانيا</subfield>
    <subfield code="x">الحضارة</subfield>
    <subfield code="y">القرن الثامن عشر.</subfield>
  </datafield>
  <datafield tag="651" ind1=" " ind2="0">
    <subfield code="a">Spain</subfield>
    <subfield code="x">Foreign relations</subfield>
    <subfield code="z">Morocco.</subfield>
  </datafield>
  <datafield tag="651" ind1=" " ind2="0">
    <subfield code="a">Morocco</subfield>
    <subfield code="x">Foreign relations</subfield>
    <subfield code="z">Spain.</subfield>
  </datafield>
  <datafield tag="651" ind1=" " ind2="0">
    <subfield code="a">Spain</subfield>
    <subfield code="x">Description and travel.</subfield>
  </datafield>
  <datafield tag="651" ind1=" " ind2="0">
    <subfield code="a">Spain</subfield>
    <subfield code="x">Civilization</subfield>
    <subfield code="y">18th century.</subfield>
  </datafield>
  <datafield tag="700" ind1="1" ind2=" ">
    <subfield code="6">880-06</subfield>
    <subfield code="a">Bustani, Alfredo,</subfield>
    <subfield code="e">compiler.</subfield>
  </datafield>
  <datafield tag="775" ind1="0" ind2=" ">
    <subfield code="6">880-07</subfield>
    <subfield code="t">Natijat al-ijtihad fi al-muhadanah wa-al-jihad : "Riḥlat al-Ghazzāl wa-sifāratihi ilá al-Andalus".</subfield>
    <subfield code="b">al-Ṭab‘ah al-ūlá</subfield>
    <subfield code="d">Bayrūt : Dār al-Gharb al-Islāmī, 1980</subfield>
    <subfield code="w">(OCoLC)784434653</subfield>
    <subfield code="w">(OCoLC)784434653</subfield>
  </datafield>
  <datafield tag="852" ind1=" " ind2=" ">
    <subfield code="a">Jafet Library</subfield>
    <subfield code="e">American University of Beirut, Bliss Street , Beirut, Lebanon.</subfield>
  </datafield>
  <datafield tag="880" ind1="1" ind2=" ">
    <subfield code="6">100-01/(3/r</subfield>
    <subfield code="a">الغزال، احمد بن المهدي،</subfield>
    <subfield code="d">-1777 او 1778،</subfield>
    <subfield code="e">مؤلف. </subfield>
    <subfield code="4">aut.</subfield>
  </datafield>
  <datafield tag="880" ind1="1" ind2="0">
    <subfield code="6">245-02/(3/r</subfield>
    <subfield code="a">كتاب نتيجة الإجتهاد في المهادنة و الجهاد /</subfield>
    <subfield code="c">تأليف الكاتب الأديب أحمد بن المهدي الغزال، كاتب أسرار مولاي محمد بن عبد الله سلطان المغرب وسفيره إلى كارلص الثالث ملك إسبانيا عام 1179 - 1180 هـ. 1766 - 1767 م. ؛ إستخلصه من مخطوطات عدة وقدم له وعلق حواشيه ووضع له الجداول والفهارس والتراجم الأستاذ ألفريد البستاني.</subfield>
  </datafield>
  <datafield tag="880" ind1="3" ind2="0">
    <subfield code="6">246-03/(3/r</subfield>
    <subfield code="a">Consecuencia del esfuerzo en la paz Y en la guerra</subfield>
  </datafield>
  <datafield tag="880" ind1=" " ind2="1">
    <subfield code="6">264-04/(3/r</subfield>
    <subfield code="a">العرائش، المغرب :</subfield>
    <subfield code="b">مؤسسة الجنرال فرنكو للأبحاث  العربية-الإسبانية،</subfield>
    <subfield code="c">1941.</subfield>
  </datafield>
  <datafield tag="880" ind1=" " ind2=" ">
    <subfield code="6">300-05/(3/r</subfield>
    <subfield code="a">102، 14 صفحة، 29 ورقة لوحات غير مرقمة :</subfield>
    <subfield code="b">مصورات (بعضها مطوي)، خريطة مطوية، صور شخصانية ؛</subfield>
    <subfield code="c">31 سم</subfield>
  </datafield>
  <datafield tag="880" ind1="1" ind2=" ">
    <subfield code="6">700-06/(3/r</subfield>
    <subfield code="a">البستاني، ألفريد،</subfield>
    <subfield code="e">معد. </subfield>
    <subfield code="4">com.</subfield>
  </datafield>
  <datafield tag="880" ind1="0" ind2=" ">
    <subfield code="6">775-07/(3/r</subfield>
    <subfield code="t">نتيجة الاجتهاد في المهادنة والجهاد : " رحلة الغزال وسفارته الى الاندلس ".</subfield>
    <subfield code="b">الطبعة الأولى</subfield>
    <subfield code="d">بيروت : دار الغرب الاسلامي، 1980</subfield>
    <subfield code="w">b12630688</subfield>
    <subfield code="w">(OCoLC)784434653</subfield>
  </datafield>
  <datafield tag="907" ind1=" " ind2=" ">
    <subfield code="a">.b12759181</subfield>
    <subfield code="b">17-07-26</subfield>
    <subfield code="c">11-05-24</subfield>
  </datafield>
  <datafield tag="907" ind1=" " ind2=" ">
    <subfield code="a">.b12759181</subfield>
    <subfield code="b">11-10-11</subfield>
    <subfield code="c">11-05-24</subfield>
  </datafield>
  <datafield tag="945" ind1=" " ind2=" ">
    <subfield code="f">F</subfield>
    <subfield code="a">914.6:G411nA:c.1</subfield>
    <subfield code="i">00301014</subfield>
    <subfield code="j">.i13333550</subfield>
    <subfield code="l">u0504</subfield>
  </datafield>
  <datafield tag="998" ind1=" " ind2=" ">
    <subfield code="a">u05</subfield>
    <subfield code="b">97-11-05</subfield>
    <subfield code="c">m</subfield>
    <subfield code="d">a</subfield>
    <subfield code="e">-</subfield>
    <subfield code="f">ara</subfield>
    <subfield code="g">mr </subfield>
    <subfield code="h">0</subfield>
    <subfield code="i">1</subfield>
  </datafield>
</record>
</collection>
